<?xml version="1.0" encoding="UTF-8"?><record xmlns="http://www.loc.gov/MARC21/slim" xmlns:cinclude="http://apache.org/cocoon/include/1.0" xmlns:zs="http://www.loc.gov/zing/srw/">
  <leader>00409nz  a2200121n  4500</leader>
  <controlfield tag="001">nr 88010629 </controlfield>
  <controlfield tag="003">DLC</controlfield>
  <controlfield tag="005">19881104055623.4</controlfield>
  <controlfield tag="008">881101n| acannaab|          |n ana     c</controlfield>
  <datafield tag="010" ind1=" " ind2=" ">
    <subfield code="a">nr 88010629 </subfield>
  </datafield>
  <datafield tag="040" ind1=" " ind2=" ">
    <subfield code="a">NjP</subfield>
    <subfield code="c">NjP</subfield>
  </datafield>
  <datafield tag="110" ind1="2" ind2="0">
    <subfield code="a">Staatsarchiv Sigmaringen.</subfield>
    <subfield code="b">Abteilung Landesbeschreibung</subfield>
  </datafield>
  <datafield tag="670" ind1=" " ind2=" ">
    <subfield code="a">Der Landkreis Biberach, 1987- :</subfield>
    <subfield code="b">v. l, t.p. ( ... von der Abteilung Landesbeschreibung des Staatsarchivs Sigmaringen)</subfield>
  </datafield>
</record>